001  0000008
005  20180822174538.407
008  170114s||||     bl|||||||||||||||||por|u
020    $a9788561191139
080    $2869.0(81)-1$a1997
090    $a869.0(81)-1$bA161f
100 1  $aAbras, Benjamin
245 10 $aFalanges$cBenjamin Abras
260    $aBelo Horizonte$bNandyala$c2009
300    $a72 p.$bil. color.
650    $aPoesia
650    $aPoema Afro-brasileiro
650    $aZé Pelintra
650    $aExú
650    $aAncestralidade
650    $aReligiosidade Afro-brasileira
650    $aLiteratura Afro-brasileira
650    $aPoesia Afro-brasileira
